@book{gary-definer,
author="Chartran, Gary",
title="Isomorphic Graphs",
bookTitle="Introductory Graph Theory",
year="1985",
publisher="Dover",
pages="32--40",
url="http://library.colgate.edu/record=b1191670~S5"
}

@InCollection{anna-complexity,
author="Lubiw, Anna",
booktitle="SIAM Journal on Computing",
title="Some NP-Complete Problems Similar to Graph Isomorphism",
year="1981",
month= "February",
pages="11--22",
publisher="Society for Industrial and Applied Mathematics"
}

@article{np-hierarchy,
title = "A low and a high hierarchy within NP",
journal = "Journal of Computer and System Sciences",
volume = "27",
number = "1",
pages = "14 - 28",
year = "1983",
issn = "0022-0000",
doi = "https://doi.org/10.1016/0022-0000(83)90027-2",
url = "http://www.sciencedirect.com/science/article/pii/0022000083900272",
author = "Uwe Sch√∂ning"
}

@Misc{wikimedia-images,
author="Martin, Chris",
url="https://commons.wikimedia.org/wiki/File:Graph_isomorphism_a.svg"
}
